<record><leader>00000cas a2200000 a 4500</leader><controlfield tag="001">11075703</controlfield><controlfield tag="008">840821d18671882kyuwr ne      0    0eng d</controlfield><datafield ind1=" " ind2=" " tag="010"><subfield code="a">sn 84037846 </subfield></datafield><datafield ind1=" " ind2=" " tag="040"><subfield code="a">AQM</subfield><subfield code="b">eng</subfield><subfield code="c">AQM</subfield><subfield code="d">NPX</subfield><subfield code="d">NPU</subfield><subfield code="d">KNP</subfield><subfield code="d">OCL</subfield><subfield code="d">OCLCQ</subfield><subfield code="d">KYUBL</subfield><subfield code="d">OCLCQ</subfield><subfield code="d">OCLCF</subfield><subfield code="d">OCLCO</subfield></datafield><datafield ind1="1" ind2=" " tag="029"><subfield code="a">AU@</subfield><subfield code="b">000020338875</subfield></datafield><datafield ind1=" " ind2=" " tag="042"><subfield code="a">msc</subfield></datafield><datafield ind1=" " ind2=" " tag="043"><subfield code="a">n-us-ky</subfield></datafield><datafield ind1="0" ind2="4" tag="245"><subfield code="a">The Flemingsburg democrat.</subfield></datafield><datafield ind1=" " ind2=" " tag="260"><subfield code="a">Flemingsburg, Ky. :</subfield><subfield code="b">Welch &amp; Cox,</subfield><subfield code="c">1867-</subfield></datafield><datafield ind1=" " ind2=" " tag="300"><subfield code="a">v. :</subfield><subfield code="b">ill.</subfield></datafield><datafield ind1=" " ind2=" " tag="310"><subfield code="a">Weekly</subfield></datafield><datafield ind1="0" ind2=" " tag="362"><subfield code="a">[Vol. 1], no. 1 (July 18, 1867)-</subfield></datafield><datafield ind1="1" ind2=" " tag="362"><subfield code="a">Ceased in 1882?</subfield><subfield code="z">Cf. NIM.</subfield></datafield><datafield ind1=" " ind2=" " tag="500"><subfield code="a">Publishers: Cox &amp; Ashton, &lt;1869-1870&gt;; C.H. Ashton, &lt;1871-1877&gt;.</subfield></datafield><datafield ind1=" " ind2=" " tag="500"><subfield code="a">"Democratic."</subfield></datafield><datafield ind1=" " ind2=" " tag="500"><subfield code="a">Editor: C.H. Ashton, &lt;1871-1877&gt;.</subfield></datafield><datafield ind1=" " ind2="0" tag="651"><subfield code="a">Flemingsburg (Ky.)</subfield><subfield code="v">Newspapers.</subfield></datafield><datafield ind1=" " ind2="0" tag="651"><subfield code="a">Fleming County (Ky.)</subfield><subfield code="v">Newspapers.</subfield></datafield><datafield ind1=" " ind2="7" tag="655"><subfield code="a">Newspapers.</subfield><subfield code="2">fast</subfield><subfield code="0">(OCoLC)fst01423814</subfield></datafield><datafield ind1=" " ind2="7" tag="651"><subfield code="a">Kentucky</subfield><subfield code="z">Fleming County.</subfield><subfield code="2">fast</subfield><subfield code="0">(OCoLC)fst01207602</subfield></datafield><datafield ind1=" " ind2="7" tag="651"><subfield code="a">Kentucky</subfield><subfield code="z">Flemingsburg.</subfield><subfield code="2">fast</subfield><subfield code="0">(OCoLC)fst01250163</subfield></datafield><datafield ind1=" " ind2=" " tag="752"><subfield code="a">United States</subfield><subfield code="b">Kentucky</subfield><subfield code="c">Fleming</subfield><subfield code="d">Flemingsburg.</subfield></datafield><datafield ind1="0" ind2="7" tag="785"><subfield code="t">Flemingsburg times</subfield><subfield code="w">(DLC)sn 88061189</subfield></datafield><datafield ind1="0" ind2="7" tag="785"><subfield code="t">Flemingsburg times-democrat</subfield><subfield code="w">(DLC)sn 83009921</subfield></datafield></record>